@inproceedings{muhammad2010uplink,
	title={Uplink closed loop power control for LTE system},
	author={Muhammad, Bilal and Mohammed, Abbas},
	booktitle={2010 6th international conference on emerging technologies (ICET)},
	pages={88--93},
	year={2010},
	organization={IEEE}
}

@article{procedures20123gpp,
	title={3GPP TS 36.213},
	author={Procedures, E-UTRA Physical Layer},
	journal={V11. 0.0, Sep},
	year={2012}
}

@Misc{quidditch,
	author =       {Ericsson GAIA},
	title =        {A framework for solving anomaly detection problems},
	howpublished = {Gitlab},
	year =         {2020},
	url =          {https://gitlab.seld.rnd.ericsson.se/gaia-in/quidditch/}
}

@article{mishra1992join,
	title={Join processing in relational databases},
	author={Mishra, Priti and Eich, Margaret H},
	journal={ACM Computing Surveys (CSUR)},
	volume={24},
	number={1},
	pages={63--113},
	year={1992},
	publisher={ACM New York, NY, USA}
}

@software{reback2020pandas,
	author       = {The pandas development team},
	title        = {pandas-dev/pandas: Pandas},
	month        = feb,
	year         = 2020,
	publisher    = {Zenodo},
	version      = {latest},
	doi          = {10.5281/zenodo.3509134},
	url          = {https://doi.org/10.5281/zenodo.3509134}
}

@article{imputationRubin,
	author = { Donald B.   Rubin },
	title = {Multiple Imputation after 18+ Years},
	journal = {Journal of the American Statistical Association},
	volume = {91},
	number = {434},
	pages = {473-489},
	year  = {1996},
	publisher = {Taylor & Francis},
	doi = {10.1080/01621459.1996.10476908},	
}

@article{imputationEM,
	title={Maximum likelihood from incomplete data via the EM algorithm},
	author={Dempster, Arthur P and Laird, Nan M and Rubin, Donald B},
	journal={Journal of the Royal Statistical Society: Series B (Methodological)},
	volume={39},
	number={1},
	pages={1--22},
	year={1977},
	publisher={Wiley Online Library}
}

@article{imputationNN,
	title={An examination of the nearest neighbor rule for imputing missing values},
	author={Vacek, PM and Ashikaga, T},
	journal={Proc. Statist. Computing Sect., Amer. Statist. Ass},
	pages={326--331},
	year={1980}
}

@misc{imputationHotDeck,
	title={An Overview of Hot-Deck Procedures: Incomplete Data in Sample Surveys, Vol. 2},
	author={Ford, Barry L},
	year={1983},
	publisher={New York: Academic Press}
}

@ARTICLE{MoritzComparison,
	author = {{Moritz}, Steffen and {Sard{\'a}}, Alexis and {Bartz-Beielstein}, Thomas and {Zaefferer}, Martin and {Stork}, J{\"o}rg},
	title = "{Comparison of different Methods for Univariate Time Series Imputation in R}",
	journal = {arXiv e-prints},
	keywords = {Statistics - Applications, Computer Science - Other Computer Science},
	year = 2015,
	month = oct,
	eid = {arXiv:1510.03924},
	pages = {arXiv:1510.03924},
	archivePrefix = {arXiv},
	eprint = {1510.03924}
}

@Article{imputeTS,
	title = {{imputeTS: Time Series Missing Value Imputation in R}},
	author = {Steffen Moritz and Thomas Bartz-Beielstein},
	journal = {{The R Journal}},
	volume = {9},
	number = {1},
	pages = {207--218},
	year = {2017},
	doi = {10.32614/RJ-2017-009},
}

@article{rantou2017missing,
	title={Missing Data in Time Series and Imputation Methods},
	author={Rantou, K},
	journal={University of the Aegean, Samos},
	year={2017}
}

@book{brockwell2016introduction,
	title={Introduction to time series and forecasting},
	author={Brockwell, Peter J and Brockwell, Peter J and Davis, Richard A and Davis, Richard A},
	year={2016},
	publisher={Springer}
}

@article{autoarimaLib,
	author = {Rob J. Hyndman and Yeasmin Khandakar},
	title = {Automatic Time Series Forecasting: The forecast Package for R},
	journal = {Journal of Statistical Software, Articles},
	volume = {27},
	number = {3},
	year = {2008},
	keywords = {},
	abstract = {Automatic forecasts of large numbers of univariate time series are often needed in business and other contexts. We describe two automatic forecasting algorithms that have been implemented in the forecast package for R. The first is based on innovations state space models that underly exponential smoothing methods. The second is a step-wise algorithm for forecasting with ARIMA models. The algorithms are applicable to both seasonal and non-seasonal data, and are compared and illustrated using four real time series. We also briefly describe some of the other functionality available in the forecast package.},
	issn = {1548-7660},
	pages = {1--22},
	doi = {10.18637/jss.v027.i03},
	url = {https://www.jstatsoft.org/v027/i03}
}

@Inbook{Akaike1998,
	author="Akaike, Hirotogu",
	editor="Parzen, Emanuel
	and Tanabe, Kunio
	and Kitagawa, Genshiro",
	title="Information Theory and an Extension of the Maximum Likelihood Principle",
	bookTitle="Selected Papers of Hirotugu Akaike",
	year="1998",
	publisher="Springer New York",
	address="New York, NY",
	pages="199--213",
	abstract="In this paper it is shown that the classical maximum likelihood principle can be considered to be a method of asymptotic realization of an optimum estimate with respect to a very general information theoretic criterion. This observation shows an extension of the principle to provide answers to many practical problems of statistical model fitting.",
	isbn="978-1-4612-1694-0",
	doi="10.1007/978-1-4612-1694-0_15",
	url="https://doi.org/10.1007/978-1-4612-1694-0_15"
}

@article{kpss,
	title={Testing the null hypothesis of stationarity against the alternative of a unit root: How sure are we that economic time series have a unit root?},
	author={Kwiatkowski, Denis and Phillips, Peter CB and Schmidt, Peter and Shin, Yongcheol},
	journal={Journal of econometrics},
	volume={54},
	number={1-3},
	pages={159--178},
	year={1992},
	publisher={Elsevier}
}

@article{canovahansen,
	title={Are seasonal patterns constant over time? A test for seasonal stability},
	author={Canova, Fabio and Hansen, Bruce E},
	journal={Journal of Business \& Economic Statistics},
	volume={13},
	number={3},
	pages={237--252},
	year={1995},
	publisher={Taylor \& Francis Group}
}

@article{maravall1985structural,
	title={On structural time series models and the characterization of components},
	author={Maravall, Agustin},
	journal={Journal of Business \& Economic Statistics},
	volume={3},
	number={4},
	pages={350--355},
	year={1985},
	publisher={Taylor \& Francis}
}

@book{timeseries_statespace_models,
	author = {Durbin, James and Koopman, Siem Jan},
	year = {2001},
	month = {08},
	pages = {},
	title = {Time Series Analysis by State Space Methods}
}

@article{fb_prophet,
	title = {Forecasting at scale},
	author = {Taylor, Sean J and Letham, Benjamin},
	year = 2017,
	month = sep,
	keywords = {Time Series, Statistical Practice, Nonlinear Regression},
	volume = 5,
	pages = {e3190v2},
	journal = {PeerJ Preprints},
	issn = {2167-9843},
	url = {https://doi.org/10.7287/peerj.preprints.3190v2},
	doi = {10.7287/peerj.preprints.3190v2}
}

@article{harvey1990estimation,
	title={Estimation procedures for structural time series models},
	author={Harvey, Andrew C and Peters, Simon},
	journal={Journal of forecasting},
	volume={9},
	number={2},
	pages={89--108},
	year={1990},
	publisher={Wiley Online Library}
}

@article{hastie1987generalized,
	title={Generalized additive models: some applications},
	author={Hastie, Trevor and Tibshirani, Robert},
	journal={Journal of the American Statistical Association},
	volume={82},
	number={398},
	pages={371--386},
	year={1987},
	publisher={Taylor \& Francis}
}

@article{gardner1985exponential,
	title={Exponential smoothing: The state of the art},
	author={Gardner Jr, Everette S},
	journal={Journal of forecasting},
	volume={4},
	number={1},
	pages={1--28},
	year={1985},
	publisher={Wiley Online Library}
}

@book{hutchinson1978introduction,
	title={An introduction to population ecology},
	author={Hutchinson, George Evelyn},
	number={504: 51 HUT},
	year={1978}
}

@article{harvey_fourier,
	title={10 Structural time series models},
	author={Harvey, Andrew C and Shephard, Neil},
	year={1993},
	publisher={Elsevier}
}

@article{carpenter2017stan,
	title={Stan: a probabilistic programming language.},
	author={Carpenter, Bob and Gelman, Andrew and Hoffman, Matthew D and Lee, Daniel and Goodrich, Ben and Betancourt, Michael and Brubaker, Marcus A and Guo, Jiqiang and Li, Peter and Riddell, Allen},
	journal={Grantee Submission},
	volume={76},
	number={1},
	pages={1--32},
	year={2017},
	publisher={ERIC}
}

@misc{Holidays,
	author = {Montel, Maurizio},
	title = {python-holidays},
	year = {2021},
	publisher = {GitHub},
	journal = {GitHub repository},
	howpublished = {\url{https://github.com/dr-prodigy/python-holidays}},
	commit = {f0d5a91f8bee8661ef3440bde2302332a364877e}
}

@article{MAE,
	title={Advantages of the mean absolute error (MAE) over the root mean square error (RMSE) in assessing average model performance},
	author={Willmott, Cort J and Matsuura, Kenji},
	journal={Climate research},
	volume={30},
	number={1},
	pages={79--82},
	year={2005}
}

@article{izadi2009alarms,
	title={An introduction to alarm analysis and design},
	author={Izadi, Iman and Shah, Sirish L and Shook, David S and Chen, Tongwen},
	journal={IFAC Proceedings Volumes},
	volume={42},
	number={8},
	pages={645--650},
	year={2009},
	publisher={Elsevier}
}

@misc{iec_alarms,
	title={Management of alarm systems for the process industries},
	author={International Electrotechnical Comission},
	journal={IEC 62682:2014},
	year={2014},
	publisher={International Electrotechnical Comission}
}

@article{powerregression,
	title={A novel and realistic power consumption model for multi-technology radio networks},
	author={Mourato, Alexandra and Duarte, David and Pinto, Iola and Vieira, Pedro},
	journal={URSI Radio Science Bulletin},
	volume={2018},
	number={364},
	pages={20--29},
	year={2018},
	publisher={URSI}
}

@inproceedings{power_modeling,
	title={Power consumption modeling of different base station types in heterogeneous cellular networks},
	author={Arnold, Oliver and Richter, Fred and Fettweis, Gerhard and Blume, Oliver},
	booktitle={2010 Future Network \& Mobile Summit},
	pages={1--8},
	year={2010},
	organization={IEEE}
}

@inproceedings{power_detailed,
	title={A flexible and future-proof power model for cellular base stations},
	author={Debaillie, Bjorn and Desset, Claude and Louagie, Filip},
	booktitle={2015 IEEE 81st Vehicular Technology Conference (VTC Spring)},
	pages={1--7},
	year={2015},
	organization={IEEE}
}

@article{winters1960forecasting,
	title={Forecasting sales by exponentially weighted moving averages},
	author={Winters, Peter R},
	journal={Management science},
	volume={6},
	number={3},
	pages={324--342},
	year={1960},
	publisher={INFORMS}
}

@article{piunti40traffic,
	title={Traffic Forecast and Power Consumption Management in Cellular Networks},
	author={Piunti, Pierpaolo and Morosi, Simone and Del Re, Enrico},
	journal={Traffic},
	volume={40},
	number={60},
	pages={80}
}

@inproceedings{achir2004power,
	title={Power consumption prediction in wireless sensor networks},
	author={Achir, Mounir and Ouvry, Laurent},
	booktitle={Proceedings of the 16th ITC Specialist Seminar on Performance Evaluation of Wireless and Mobile Systems},
	year={2004},
	organization={Citeseer}
}

@article{deepika2020power,
	title={Power consumption prediction in cloud data center using machine learning},
	author={Deepika, T and Prakash, P},
	journal={Int J Electr Comput Eng (IJECE)},
	volume={10},
	number={2},
	pages={1524--1532},
	year={2020}
}

@inproceedings{antonenkov2017mathematic,
	title={Mathematic simulation of mining company’s power demand forecast (by example of “Neryungri” coal strip mine)},
	author={Antonenkov, DV and Solovev, DB},
	booktitle={IOP Conference Series: Earth and Environmental Science},
	volume={87},
	number={3},
	pages={032003},
	year={2017},
	organization={IOP Publishing}
}

@article{lv2020novel,
	title={A novel method to forecast energy consumption of selective laser melting processes},
	author={Lv, Jingxiang and Peng, Tao and Zhang, Yingfeng and Wang, Yuchang},
	journal={International Journal of Production Research},
	pages={1--17},
	year={2020},
	publisher={Taylor \& Francis}
}

@INPROCEEDINGS{morocco,
	author={Salam, Abdulwahed and Hibaoui, Abdelaaziz El},
	booktitle={2018 6th International Renewable and Sustainable Energy Conference (IRSEC)}, 
	title={Comparison of Machine Learning Algorithms for the Power Consumption Prediction : - Case Study of Tetouan city –}, 
	year={2018},
	volume={},
	number={},
	pages={1-5},
	doi={10.1109/IRSEC.2018.8703007}
}

@inproceedings{powerlstm,
	title={PowerLSTM: power demand forecasting using long short-term memory neural network},
	author={Cheng, Yao and Xu, Chang and Mashima, Daisuke and Thing, Vrizlynn LL and Wu, Yongdong},
	booktitle={International Conference on Advanced Data Mining and Applications},
	pages={727--740},
	year={2017},
	organization={Springer}
}

@article{ai2019household,
	title={Household power demand prediction using evolutionary ensemble neural network pool with multiple network structures},
	author={Ai, Songpu and Chakravorty, Antorweep and Rong, Chunming},
	journal={Sensors},
	volume={19},
	number={3},
	pages={721},
	year={2019},
	publisher={Multidisciplinary Digital Publishing Institute}
}

@article{almazrouee2020long,
	title={Long-Term Forecasting of Electrical Loads in Kuwait Using Prophet and Holt--Winters Models},
	author={Almazrouee, Abdulla I and Almeshal, Abdullah M and Almutairi, Abdulrahman S and Alenezi, Mohammad R and Alhajeri, Saleh N},
	journal={Applied Sciences},
	volume={10},
	number={16},
	pages={5627},
	year={2020},
	publisher={Multidisciplinary Digital Publishing Institute}
}

@article{chadalavada2020electricity,
	title={Electricity requirement prediction using time series and Facebook’s PROPHET},
	author={Chadalavada, RJ and Raghavendra, S and Rekha, V},
	journal={Indian Journal of Science and Technology},
	volume={13},
	number={47},
	pages={4631--4645},
	year={2020}
}

@article{jiang2021clothing,
	title={Clothing Sale Forecasting by a Composite GRU-Prophet Model With an Attention Mechanism},
	author={jiang Li, Yuan and Yang, Yi and Zhu, Kai and Zhang, Jinglin},
	journal={IEEE Transactions on Industrial Informatics},
	year={2021},
	publisher={IEEE}
}

@book{wackerly,
	author = {Wackerly, Dennis D. and III, William Mendenhall and Scheaffer, Richard L.},
	edition = {sixth edition},
	publisher = {Duxbury Advanced Series},
	title = {Mathematical Statistics with Applications},
	year = 2002
}


@misc{betancourt2018conceptual,
	title={A Conceptual Introduction to Hamiltonian Monte Carlo}, 
	author={Michael Betancourt},
	year={2018},
	eprint={1701.02434},
	archivePrefix={arXiv},
	primaryClass={stat.ME}
}

@article{hoffman2014no,
	title={The No-U-Turn sampler: adaptively setting path lengths in Hamiltonian Monte Carlo.},
	author={Hoffman, Matthew D and Gelman, Andrew},
	journal={J. Mach. Learn. Res.},
	volume={15},
	number={1},
	pages={1593--1623},
	year={2014}
}

@article{neal2011mcmc,
	title={MCMC using Hamiltonian dynamics},
	author={Neal, Radford M and others},
	journal={Handbook of markov chain monte carlo},
	volume={2},
	number={11},
	pages={2},
	year={2011}
}

@article{cuendet2007calculation,
	title={On the calculation of velocity-dependent properties in molecular dynamics simulations using the leapfrog integration algorithm},
	author={Cuendet, Michel A and van Gunsteren, Wilfred F},
	journal={The Journal of chemical physics},
	volume={127},
	number={18},
	pages={184102},
	year={2007},
	publisher={American Institute of Physics}
}

@book{fletcher1987,
	title={Practical methods of optimization},
	author={Fletcher, R.},
	year={1987},
	publisher={Chichester; New York: Wiley}
}
